@InProceedings{QASYS,
	author={Juri Pyykk\"o and Rebecka Weegar and Pierre Nugues},
	booktitle={Proceedings of the The Fifth Swedish Language Technology Conference (SLTC 2014)},
	title={Passage Retrieval in a Question Answering System},
	year={2014},
	address = {Uppsala},
	month = {November 13-14},
	pages={},
}

@article{stagger,
	author={Robert \"Ostling},
	title={Stagger: an Open-Source Part of Speech tagger for Swedish},
	journal={Northern European Journal of Language Technology, 2013},
	volume={Vol. 3},
	year={2013},
}

@manual{lucenecore,
	title={Apache Lucene Core},
	organization={The Apache Software Foundation},
	year={2015},
	month={January 3},
	note={\url{http://lucene.apache.org/core/}},
}

@manual{wikimedia,
	title={Wikimedia Downloads},
	organization={The Wikimedia Foundation},
	year={2015},
	month={January 3},
	note={\url{http://dumps.wikimedia.org/}},
}

@manual{wikiextractor,
	author={Guiseppe Attardi, Antonio Fuschetto},
	year={2013},
	title={Wikipedia Extractor},
	note={\url{http://medialab.di.unipi.it/wiki/Wikipedia_Extractor}},
}

@manual{bm25similarity,
	title={The BM25 similarity function},
	organization={Athens University of Economics and Business},
	year={2015},
	month={January 3},
	note={\url{http://ipl.cs.aueb.gr/stougiannis/bm25.html}},
	
}

@manual{tfidfsimilarity,
	title={Class TFIDFSimilarity},
	organization={The Apache Software Foundation},
	year={2015},
	month={January 3},
	note={\url{https://lucene.apache.org/core/4_0_0/core/org/apache/lucene/search/similarities/TFIDFSimilarity.html}},
}

@manual{liblinear,
	title={LIBLINEAR -- A Library for Large Linear Classification},
	author={Chih-Jen Lin},
	year={2014},
	note={\url{http://www.csie.ntu.edu.tw/~cjlin/liblinear/}},
}

@manual{mrr,
	title={TREC-8 Question Answering Track Report},
	author={E.M. Voorhees},
	year={1999},
	pages={77--82},
}